%% Created using Papers on Wed, 23 Dec 2015.
%% http://papersapp.com/papers/

@article{jun45,
author = {Honma, Michio and Otsuka, Takaharu and Mizusaki, Takahiro and Hjorth-Jensen, Morten},
title = {{New effective interaction for f5pg9-shell nuclei.}},
journal = {Phys. Rev. C},
year = {2009},
volume = {80},
number = {6},
pages = {064323},
month = dec
}

@article{68ni,
author = {Tsunoda, Y and Otsuka, T and Shimizu, N and Honma, M and Utsuno, Y},
title = {{Novel shape evolution in exotic Ni isotopes and configuration-dependent shell structure}},
journal = {Phys. Rev. C},
year = {2014},
volume = {89},
number = {3},
pages = {031301},
month = mar
}

@article{terry,
author = {Terry, J R and Brown, B. A. and Campbell, C M and Cook, J M and Davies, A D and Dinca, D C and Gade, A and Glasmacher, T and Hansen, P G and Sherrill, B M and Zwahlen, H and Bazin, D and Yoneda, K and Tostevin, J A and Otsuka, T. and Utsuno, Y. and Pritychenko, B},
title = {{Single-neutron knockout from intermediate energy beams of Mg30,32: Mapping the transition into the {\textquotedblleft}island of inversion{\textquotedblright}}},
journal = {Phys. Rev. C},
year = {2008},
volume = {77},
number = {1},
pages = {014316--12},
month = jan
}

@article{gadeSF,
author = {Gade, A and Adrich, P and Bazin, D and Bowen, M D and Brown, B. A. and Campbell, C M and Cook, J M and Glasmacher, T and Hansen, P G and Hosier, K and McDaniel, S and McGlinchery, D and Obertelli, A and Siwek, K and Riley, L A and Tostevin, J A and Weisshaar, D},
title = {{Reduction of spectroscopic strength: Weakly-bound and strongly-bound single-particle states studied using one-nucleon knockout reactions}},
journal = {Phys. Rev. C},
year = {2008},
volume = {77},
number = {4},
pages = {044306},
month = apr
}

@article{gadeSF2,
author = {Tostevin, J A and Gade, A},
title = {{Systematics of intermediate-energy single-nucleon removal cross sections}},
journal = {Phys. Rev. C},
year = {2014},
volume = {90},
number = {5},
pages = {057602},
month = nov
}

@article{greenRepProgPhys,
author = {A. M. Green},
title = {{}},
journal = {Rep. Prog. Phys.},
year = {1976},
volume = {39},
number = {},
pages = {1109},
month = {},
}

@article{Simonis2015,
author = {J. Simonis and K. Hebeler and J. D. Holt and J. Men\'{e}ndez and A. Schwenk},
title = {{Exploring sd-shell nuclei from two- and three-nucleon interactions
with realistic saturation properties}},
journal = {Phys. Rev. C},
year = {2016},
volume = {93},
pages = {011302(R)},
}

@article{Jansen2015,
author = {G. R. Jansen and A. Signoracci and G. Hagen and P. Navr\'{a}til},
title = {{Deformed sd-shell nuclei from first principles}},
journal = {Phys. Rev. C},
year = {2015},
volume = {94},
pages = {011301(R)},
}

@article{brownN16,
author = {B. A. Brown},
title = {{Some new aspects of nuclear structure near the drip lines}},
journal = {Revista Mexicana de Fisica},
year = {1993},
volume = {39},
number = {},
pages = {Suplemento 2, 21},
month = {},
}

@article{magic,
author = {Otsuka, Takaharu and Fujimoto, Rintaro and Utsuno, Yutaka and Brown, B. Alex and Honma, Michio and Mizusaki, Takahiro},
title = {{Magic Numbers in Exotic Nuclei and Spin-Isospin Properties of the NN Interaction}},
journal = {Phys. Rev. Lett.},
year = {2001},
volume = {87},
number = {8},
pages = {082502},
month = aug
}

@article{ozawaPRL84,
author = {A. Ozawa and T. Kobayashi and T. Suzuki and K. Yoshida and I. Tanihata},
title = {{}},
journal = {Phys. Rev. Lett.},
year = {2000},
volume = {84},
number = {},
pages = {5493},
month = {}
}

@article{Mayer:1949,
author = {Mayer, M.G.},
title = {{}},
journal = {Phys. Rev.},
year = {1949},
volume = {75},
number = {},
pages = {1969},
month = {}
}

@article{Jensen:1949,
author = {O. Haxel and J. H. D. Jensen and H. E. Suess},
title = {{}},
journal = {Phys. Rev.},
year = {1949},
volume = {75},
number = {},
pages = {1766},
month = {}
}

@article{Bogner.PhysRevLett113,
author = {S. K. Bogner and H. Hergert and J. D. Holt and A. Schwenk and S. Binder and A. Calci and J. Langhammer and R. Roth},
title = {{Nonperturbative Shell-Model Interactions from the In-Medium Similarity Renormalization Group}},
journal = {Phys. Rev. Lett.},
year = {2014},
volume = {113},
number = {},
pages = {142501},
}

@article{LisetskiyPhysRevC78,
author = {A. F. Lisetskiy and B. R. Barrett and M. K. G. Kruse and P. Navr\'{a}til and I. Stetcu and J. P. Vary},
title = {Ab-initio shell model with a core},
journal ={Phys. Rev. C},
year = {2008},
volume = {78},
pages ={044302},
}

@article{nobel_otsuka,
  author={Takaharu Otsuka},
  title={Exotic nuclei and nuclear forces},
  journal={Phys. Scr.},
  volume={T152},
  pages={014007},
  year={2013},
}

@article{KuoBrown,
title = "STRUCTURE OF FINITE NUCLEI AND THE FREE NUCLEON-NUCLEON INTERACTION
An Application to 180 and 18F",
author = "T. T. S. Kuo and G. E. Brown",
journal = "Nucl. Phys.",
volume = "85",
pages = "40",
year = "1966",
}

@misc{gade_priv,
author = "A. Gade",
howpublished = "private communication",
}

@misc{som_priv,
author = "Someone",
howpublished = "private communication",
}

@article{RevModPhys.77.427,
author = {Caurier, E. and Mart\'{i}nez-Pinedo, G. and Nowacki, F and Poves, A. and Zuker, A. P.},
title = {{The shell model as a unified view of nuclear structure}},
journal = {Rev. Mod. Phys.},
year = {2005},
volume = {77},
number = {2},
pages = {427--488},
month = jun
}

@article{Takeuchi:2012ch,
author = {Takeuchi, S and Matsushita, M and Aoi, N and Doornenbal, P and Li, K and Motobayashi, T and Scheit, H and Steppenbeck, D and Wang, H and Baba, H and Bazin, D and C{\'a}ceres, L and Crawford, H and Fallon, P and Gernh{\"a}user, R and Gibelin, J and Go, S and Gr{\'e}vy, S and Hinke, C and Hoffman, C R and Hughes, R and Ideguchi, E and Jenkins, D and Kobayashi, N and Kondo, Y and Kr{\"u}cken, R and Le Bleis, T and Lee, J and Lee, G and Matta, A and Michimasa, S and Nakamura, T and Ota, S and Petri, M and Sako, T and Sakurai, H. and Shimoura, S and Steiger, K and Takahashi, K and Takechi, M and Togano, Y and Winkler, R and Yoneda, K},
title = {{Well Developed Deformation in Si42}},
journal = {Phys. Rev. Lett.},
year = {2012},
volume = {109},
number = {18},
pages = {182501},
month = nov
}

@article{Krenciglowa1977381,
author = {Krenciglowa, E M and Kuo, T. T. S. and Osnes, E and Ellis, P J},
title = {{Folded-diagram calculation of effective charges}},
journal = {Nucl. Phys. A},
year = {1977},
volume = {289},
number = {2},
pages = {381--385}
}

@article{PhysRevC.65.061301,
author = {Honma, M. and Otsuka, T. and Brown, B. A. and Mizusaki, T.},
title = {{Effective interaction for $pf$-shell nuclei}},
journal = {Phys. Rev. C},
year = {2002},
volume = {65},
number = {6},
pages = {061301},
month = may
}

@article{Cohen:1965kz,
author = {Cohen, S and Kurath, D},
title = {{Effective interactions for the 1p shell}},
journal = {Nucl. Phys.},
year = {1965},
volume = {73},
number = {1},
pages = {1--24},
month = nov
}

@article{Krenciglowa1974171,
author = {Krenciglowa, E M and Kuo, T. T. S.},
title = {{Convergence of effective hamiltonian expansion and partial summations of folded diagrams}},
journal = {Nucl. Phys. A},
year = {1974},
volume = {235},
number = {1},
pages = {171--189}
}

@article{Holt:2012gc,
author = {Holt, Jason D. and Otsuka, Takaharu and Schwenk, Achim and Suzuki, Toshio},
title = {{Three-body forces and shell structure in calcium isotopes}},
journal = {J. Phys. G},
year = {2012},
volume = {39},
number = {8},
pages = {085111},
month = jul
}

@article{Entem:2003hx,
author = {Entem, D. R. and Machleidt, R.},
title = {{Accurate charge-dependent nucleon-nucleon potential at fourth order of chiral perturbation theory}},
journal = {Phys. Rev. C},
year = {2003},
volume = {68},
number = {4},
pages = {041001},
month = oct
}

@article{Otsuka:2009qs,
author = {Otsuka, Takaharu and Suzuki, Toshio and Honma, Michio and Utsuno, Yutaka and Tsunoda, Naofumi and Tsukiyama, Koshiroh and Hjorth-Jensen, Morten},
title = {{Novel features of nuclear forces and shell evolution in exotic nuclei.}},
journal = {Phys. Rev. Lett.},
year = {2010},
volume = {104},
number = {1},
pages = {012501},
month = jan
}

@article{Kuo:1966ja,
author = {Kuo, T. T. S. and Brown, G. E.},
title = {{Structure of finite nuclei and the free nucleon-nucleon interaction}},
journal = {Nucl. Phys.},
year = {1966},
volume = {85},
number = {1},
pages = {40--86},
month = sep
}

@article{PhysRevLett.105.032501,
author = {Otsuka, Takaharu and Suzuki, Toshio and Holt, Jason D. and Schwenk, Achim and Akaishi, Yoshinori},
title = {{Three-Body Forces and the Limit of Oxygen Isotopes}},
journal = {Phys. Rev. Lett.},
year = {2010},
volume = {105},
number = {3},
pages = {032501},

month = jul
}

@article{Ekstrom:2015gw,
author = {Ekstr{\"o}m, A and G. R. Jansen and K. A. Wendt and Hagen, G. and Papenbrock, T. and B. D. Carlsson and Forss{\'e}n, C and Hjorth-Jensen, M and Navr\'{a}til, P. and Nazarewicz, W},
title = {{Accurate nuclear radii and binding energies from a chiral interaction}},
journal = {Phys. Rev. C},
year = {2015},
volume = {91},
number = {5},
pages = {051301},
month = may
}

@article{Fukunishi:1992ic,
author = {Fukunishi, N and Otsuka, T. and Sebe, T},
title = {{Vanishing of the shell gap in N = 20 neutron-rich nuclei}},
journal = {Phys. Lett. B},
year = {1992},
volume = {296},
number = {3-4},
pages = {279--284},
month = dec
}

@article{Kuo_springer,
author = {Kuo, Thomas and Osnes, Eivind},
title = {{Folded-diagram theory of the effective interaction in nuclei, atoms and molecules}},
journal = {Lecture Notes in Physics},
year = {1990},
volume = {364},
pages = {1--170}
}

@article{PhysRevLett.95.232502,
author = {Otsuka, Takaharu and Suzuki, Toshio and Fujimoto, Rintaro and Grawe, Hubert and Akaishi, Yoshinori},
title = {{Evolution of Nuclear Shells due to the Tensor Force}},
journal = {Phys. Rev. Lett.},
year = {2005},
volume = {95},
number = {23},
pages = {232502},
month = nov
}

@article{Holt:2014uc,
author = {Holt, J. D. and Men\'{e}ndez, J and Simonis, J and Schwenk, A.},
title = {{Three-nucleon forces and spectroscopy of neutron-rich calcium isotopes}},
journal = {Phys. Rev. C},
year = {2014},
volume = {90},
pages = {024312},
month = aug
}

@article{Erler:2012cc,
author = {Erler, Jochen and Birge, Noah and Kortelainen, Markus and Nazarewicz, Witold and Olsen, Erik and Perhac, Alexander M and Stoitsov, Mario},
title = {{The limits of the nuclear landscape}},
journal = {Nature},
year = {2012},
volume = {486},
number = {7404},
pages = {509--512},
month = jun
}

@article{PhysRevC.65.051301,
author = {Bogner, Scott and Kuo, T. T. S. and Coraggio, L. and Covello, A. and Itaco, N.},
title = {{Low momentum nucleon-nucleon potential and shell model effective interactions}},
journal = {Phys. Rev. C},
year = {2002},
volume = {65},
number = {5},
pages = {051301},
month = apr
}

@article{HjorthJensen1995125,
author = {Hjorth-Jensen, Morten and Kuo, Thomas T S and Osnes, Eivind},
title = {{Realistic effective interactions for nuclear systems}},
journal = {Phys. Rep.},
year = {1995},
volume = {261},
number = {3-4},
pages = {125--270}
}

@article{Otsuka:2001gx,
author = {Otsuka, T. and Honma, M. and Mizusaki, T. and Shimizu, N and Utsuno, Y.},
title = {{Monte Carlo shell model for atomic nuclei}},
journal = {Prog. Part. Nucl. Phys.},
year = {2001},
volume = {47},
number = {1},
pages = {319--400},
month = jan
}

@article{Brown1988191,
author = {Brown, B. A. and Richter, W A and Julies, R E and Wildenthal, B H},
title = {{Semi-empirical effective interactions for the 1s-Od shell}},
journal = {Annals of Physics},
year = {1988},
volume = {182},
number = {2},
pages = {191--236}
}

@article{Campi:1975un,
author = {Campi, Xavier and Flocard, H and Kerman, A K and Koonin, S},
title = {{Shape transition in the neutron rich sodium isotopes}},
journal = {Nucl. Phys. A},
year = {1975},
volume = {251},
number = {2},
pages = {193--205}
}

@article{Takayanagi201161,
author = {Takayanagi, Kazuo},
title = {{Effective interaction in non-degenerate model space}},
journal = {Nucl. Phys. A},
year = {2011},
volume = {852},
number = {1},
pages = {61--81}
}

@article{Warburton:1990vw,
author = {E. K. Warburton and J. A. Becker and B. A. Brown},
title = {{Mass systematics for A=29-44 nuclei: The deformed A{\textasciitilde}32 region.}},
journal = {Phys. Rev. C},
year = {1990},
volume = {41},
number = {3},
pages = {1147--1166},
month = mar
}

@article{PhysRevC.60.054315,
author = {Utsuno, Yutaka and Otsuka, Takaharu and Mizusaki, Takahiro and Honma, Michio},
title = {{Varying shell gap and deformation in $N$\sim${}20$ unstable nuclei studied by the Monte Carlo shell model}},
journal = {Phys. Rev. C},
year = {1999},
volume = {60},
number = {5},
pages = {054315},
month = oct
}

@article{Kuo:1971em,
author = {Kuo, T. T. S. and Lee, S Y and Ratcliff, K F},
title = {{A folded-diagram expansion of the model-space effective hamiltonian}},
journal = {Nucl. Phys. A},
year = {1971},
volume = {176},
number = {1},
pages = {65--88},
month = nov
}

@article{Mayer:1950fy,
author = {Mayer, Maria},
title = {{Nuclear Configurations in the Spin-Orbit Coupling Model. II. Theoretical Considerations}},
journal = {Phys. Rev.},
year = {1950},
volume = {78},
number = {1},
pages = {22--23},
month = apr
}

@article{Sorlin:2008er,
author = {Sorlin, O. and Porquet, M G},
title = {{Nuclear magic numbers: New features far from stability}},
journal = {Prog. Part. Nucl. Phys.},
year = {2008},
volume = {61},
number = {2},
pages = {602--673},
month = oct
}

@article{Mayer:1950eq,
author = {Mayer, Maria},
title = {{Nuclear Configurations in the Spin-Orbit Coupling Model. I. Empirical Evidence}},
journal = {Phys. Rev.},
year = {1950},
volume = {78},
number = {1},
pages = {16--21},
month = apr
}

@article{springerlink:10.1140/epjad/i2005-06-032-2,
author = {Honma, M. and Otsuka, T. and Brown, B. and Mizusaki, T.},
title = {{Shell-model description of neutron-rich pf-shell nuclei with a new effective interaction GXPF 1}},
journal = {The European Physical Journal A - Hadrons and Nuclei},
year = {2005},
volume = {25},
pages = {499--502},
annote = {10.1140/epjad/i2005-06-032-2}
}

@article{Gade:2008we,
author = {Gade, Alexandra and Glasmacher, Thomas},
title = {{In-beam nuclear spectroscopy of bound states with fast exotic ion beams}},
journal = {Prog. Part. Nucl. Phys.},
year = {2008},
volume = {60},
number = {1},
pages = {161--224}
}

@article{Holt:2013en,
author = {Holt, J. D. and Men\'{e}ndez, J and Schwenk, A.},
title = {{Three-Body Forces and Proton-Rich Nuclei}},
journal = {Phys. Rev. Lett.},
year = {2013},
volume = {110},
number = {2},
pages = {022502},
month = jan
}

@article{Holt:2013jk,
author = {Holt, J. D. and Men\'{e}ndez, J and Schwenk, A.},
title = {{Chiral three-nucleon forces and bound excited states in neutron-rich oxygen isotopes}},
journal = {Eur. Phys. J. A},
year = {2013},
volume = {49},
number = {3},
pages = {39--6},
month = mar
}

@article{PhysRevC.70.061002,
author = {Nogga, Andreas and Bogner, Scott K. and Schwenk, Achim},
title = {{Low-momentum interaction in few-nucleon systems}},
journal = {Phys. Rev. C},
year = {2004},
volume = {70},
number = {6},
pages = {061002},
month = dec
}

@article{Takeuchi:2012chb,
author = {Takeuchi, S and Matsushita, M and Aoi, N and Doornenbal, P and Li, K and Motobayashi, T and Scheit, H and Steppenbeck, D and Wang, H and Baba, H and Bazin, D and C{\'a}ceres, L and Crawford, H and Fallon, P and Gernh{\"a}user, R and Gibelin, J and Go, S and Gr{\'e}vy, S and Hinke, C and Hoffman, C R and Hughes, R and Ideguchi, E and Jenkins, D and Kobayashi, N and Kondo, Y and Kr{\"u}cken, R and Le Bleis, T and Lee, J and Lee, G and Matta, A and Michimasa, S and Nakamura, T and Ota, S and Petri, M and Sako, T and Sakurai, H. and Shimoura, S and Steiger, K and Takahashi, K and Takechi, M and Togano, Y and Winkler, R and Yoneda, K},
title = {{Well Developed Deformation in Si42}},
journal = {Phys. Rev. Lett.},
year = {2012},
volume = {109},
number = {18},
pages = {182501--5},
month = nov
}

@article{Shimizu:2012dh,
author = {Shimizu, N and Abe, T and Tsunoda, Y and Utsuno, Y. and Yoshida, T and Mizusaki, T. and Honma, M. and Otsuka, T.},
title = {{New-generation Monte Carlo shell model for the K computer era}},
journal = {Progress of Theoretical and Experimental Physics},
year = {2012},
volume = {2012},
number = {1},
pages = {1A205--0},
month = jan
}

@webpage{NationalNuclearDataCenter:2008tv,
title = {{NuDat (Nuclear Structure and Decay Data)}},
url = {http://www.nndc.bnl.gov/nudat2/}
}

@article{Caurier:2013aoa,
author = {Caurier, Etienne and Nowacki, Frederic and Poves, Alfredo},
title = {{Merging of the islands of inversion at $N=20$ and $N=28$}},
journal = {Phys. Rev. C},
year = {2014},
volume = {90},
number = {1},
pages = {014302}
}

@article{Takayanagi:2011dv,
author = {Takayanagi, Kazuo},
title = {{Effective Hamiltonian in the extended Krenciglowa{\textendash}Kuo method}},
journal = {Nucl. Phys. A},
year = {2011},
volume = {864},
number = {1},
pages = {91--112},
month = aug
}

@article{Holt:2012wa,
author = {Holt, Jason D. and Otsuka, Takaharu and Schwenk, Achim and Suzuki, Toshio},
title = {{Three-body forces and shell structure in calcium isotopes}},
journal = {J. Phys. G},
year = {2012},
volume = {39},
number = {8},
pages = {085111},
month = aug
}

@article{Tsunoda:2014hj,
author = {Tsunoda, Naofumi and Takayanagi, Kazuo and Hjorth-Jensen, Morten and Otsuka, Takaharu},
title = {{Multi-shell effective interactions}},
journal = {Phys. Rev. C},
year = {2014},
volume = {89},
number = {2},
pages = {024313},
month = feb
}

@article{Erler:2012cca,
author = {Erler, Jochen and Birge, Noah and Kortelainen, Markus and Nazarewicz, Witold and Olsen, Erik and Perhac, Alexander M and Stoitsov, Mario},
title = {{The limits of the nuclear landscape}},
journal = {Nature},
year = {2012},
volume = {486},
number = {7404},
pages = {509--512},
month = jun
}

@article{Shimizu:1613378,
author = {Shimizu, Noritaka},
title = {{Nuclear shell-model code for massive parallel computation, "KSHELL"}},
journal = {arXiv:1310.5431v1 [nucl-th]},
year = {2013},
volume = {},
number = {},
pages = {},
month = {},
}

@article{hagen2012a,
  title = {Continuum Effects and Three-Nucleon Forces in Neutron-Rich Oxygen Isotopes},
  author = {Hagen, G. and Hjorth-Jensen, M. and Jansen, G. R. and Machleidt, R. and Papenbrock, T.},
  journal = {Phys. Rev. Lett.},
  volume = {108},
  pages = {242501},
  year = {2012}
}

@article{hagen2012b,
  title = {Evolution of Shell Structure in Neutron-Rich Calcium Isotopes},
  author = {Hagen, G. and Hjorth-Jensen, M. and Jansen, G. R. and Machleidt, R. and Papenbrock, T.},
  journal = {Phys. Rev. Lett.},
  volume = {109},
  pages = {032502},
  year = {2012}
}

@Article{hagen2015,
author="Hagen, G.
and Ekstrom, A.
and Forssen, C.
and Jansen, G. R.
and Nazarewicz, W.
and Papenbrock, T.
and Wendt, K. A.
and Bacca, S.
and Barnea, N.
and Carlsson, B.
and Drischler, C.
and Hebeler, K.
and Hjorth-Jensen, M.
and Miorelli, M.
and Orlandini, G.
and Schwenk, A.
and Simonis, J.",
title="Neutron and weak-charge distributions of the 48Ca nucleus",
journal="Nat. Phys.",
year="2015",
month="Nov",
day="02",
pages="10.1038/nphys352",
publisher="Nature Publishing Group",
volume="advance online publication",
url="http://dx.doi.org/10.1038/nphys3529"
}

@article{Coraggio:2014cf,
author = {Coraggio, L. and Covello, A. and Gargano, A. and Itaco, N.},
title = {{Realistic shell-model calculations for isotopic chains {\textquotedblleft}north-east{\textquotedblright} of Ca48in the ( N, Z) plane}},
journal = {Phys. Rev. C},
year = {2014},
volume = {89},
number = {2},
pages = {024319},
month = feb
}

@article{Coraggio:2013dm,
author = {Coraggio, L. and Covello, A. and Gargano, A. and Itaco, N.},
title = {{Evolution of single-particle states beyond 132Sn}},
journal = {Phys. Rev. C},
year = {2013},
volume = {87},
number = {3},
pages = {034309},
month = mar
}

@article{koura2005,
author = {Koura, H and Tachibana, T and Uno, M and Yamada, M},
title = {{Nuclidic Mass Formula on a Spherical Basis with an Improved Even-Odd Term}},
journal = {Prog. Theor. Phys.},
year = {2005},
volume = {113},
number = {2},
pages = {305--325},
month = feb
}

@article{PhysRevLett.113.142502,
  title = {\textit{Ab Initio}   Coupled-Cluster Effective Interactions for the Shell Model: Application to Neutron-Rich Oxygen and Carbon Isotopes},
  author = {Jansen, G. R. and Engel, J. and Hagen, G. and Navr\'{a}til, P. and Signoracci, A.},
  journal = {Phys. Rev. Lett.},
  volume = {113},
  issue = {14},
  pages = {142502},
  numpages = {5},
  year = {2014},
  month = {Oct},
  publisher = {American Physical Society},
  doi = {10.1103/PhysRevLett.113.142502}
}

@article{Kimura:2007id,
author = {Kimura, M},
title = {{ Intruder features of   Mg    31    and the coexistence of many-particle and many-hole states }},
journal = {Phys. Rev. C},
year = {2007},
volume = {75},
number = {4},
pages = {041302}
}


@article{Nagatomo:2009iu,
author = {Nagatomo, T and Shimada, K and Asahi, K and Balabanski, D L and Daugas, J M and Depuydt, M and De Rydt, M and Gaudefroy, L and Gr{\'e}vy, S and Hasama, Y and Ichikawa, Y and Kameda, D and Morel, P and Perrot, L and Stodel, C and Thomas, J C and Vanderheijden, W and Vermeulen, N and Vingerhoets, P and Yoshimi, A and Neyens, G and Ueno, H},
title = {{Electric quadrupole moment of the neutron-rich 33Al}},
journal = {The European Physical Journal A - Hadrons and Nuclei},
year = {2009},
volume = {42},
number = {3},
pages = {383--3},
month = oct
}

@article{Shimada:2012el,
author = {Shimada, K and Ueno, H and Neyens, G and Asahi, K and Balabanski, D L and Daugas, J M and Depuydt, M and De Rydt, M and Gaudefroy, L and Gr{\'e}vy, S and Hasama, Y and Ichikawa, Y and Kameda, D and Morel, P and Nagatomo, T and Perrot, L and Stodel, Ch and Thomas, J C and Utsuno, Y. and Vanderheijden, W and Vermeulen, N and Vingerhoets, P and Yagi, E and Yoshida, K and Yoshimi, A},
title = {{Erosion of N=20 shell in 33Al investigated through the ground-state electric quadrupole moment}},
journal = {Phys. Lett. B},
year = {2012},
volume = {714},
number = {2-5},
pages = {246--250},
month = aug
}



