@article{bernu2011,
  title = {Hartree-Fock phase diagram of the two-dimensional electron gas},
  author = {Bernu, B. and Delyon, F. and Holzmann, M. and Baguet, L.},
  journal = {Phys. Rev. B},
  volume = {84},
  pages = {115115},
  year = {2011}
}

@article{Grectifier1978,
  title = {Electron correlations: I. Ground-state results in the high-density regime},
  author = {Bishop, R. F. and L{"u}hrmann, K. H.},
  journal = {Phys. Rev. B},
  volume = {17},
  pages = {3757},
  year = {1978}
}

@article{Grectifier1982,
  title = {Electron correlations: II. Ground-state results at low and metallic densities},
  author = {Bishop, R. F. and L{"u}hrmann, K. H.},
  journal = {Phys. Rev. B},
  volume = {26},
  pages = {5523},
  year = {1982}
}


@article{booth2009,
author = {Booth, G. H.  and  Thom, A. J. W. and Alavi, A. },
title = {Fermion Monte Carlo without fixed nodes: A game of life, death, and annihilation in Slater determinant space},
year = {2009},
journal = {J. Chem. Phys.},
volume = {131},
eid = {054106},
pages = {054106}
}


@ARTICLE{booth2013,
  author = {Booth, G. H. and Gr\"uneis, A. and Kresse, G.  and Alavi, A.},
  title = {Towards an exact description of electronic wavefunctions in real
	solids},
  journal = {Nature},
  year = {2013},
  volume = {493},
  pages = {365}
}


@article{ceperley1980,
  title = {Ground State of the Electron Gas by a Stochastic Method},
  author = {Ceperley, D. M. and Alder, B. J.},
  journal = {Phys. Rev. Lett.},
  volume = {45},
  pages = {566},
  year = {1980}
}
@article{cleland2010,
author = {Cleland, D. and Booth, G. H.  and Alavi, A. },
title = {Communications: Survival of the fittest: Accelerating convergence in full configuration-interaction quantum Monte Carlo},
year = {2010},
journal = {J. Chem. Phys.},
volume = {132},
eid = {041103},
pages = {041103}
}

@ARTICLE{day1967,
  author = {Day, B. D.},
  title = {{Elements of the Brueckner-Goldstone Theory of Nuclear Matter}},
  journal = {Rev. Mod. Phys.},
  year = {1967},
  volume = {39},
  pages = {719}
}

@article{Drummond2008,
  title = {Finite-size errors in continuum quantum Monte Carlo calculations},
  author = {Drummond, N. D. and Needs, R. J. and Sorouri, A. and Foulkes, W. M. C.},
  journal = {Phys. Rev. B},
  volume = {78},
  pages = {125106},
  year = {2008}
}


@ARTICLE{freeman1977,
  author = {Freeman, D. L.},
  title = {Coupled-cluster expansion applied to the electron gas: Inclusion of ring and exchange effects},
  journal = {Phys. Rev. B},
  year = {1977},
  volume = {15},
  pages = {5512}
}


@ARTICLE{freeman1983,
  author = {Freeman, D. L.},
  title = {Coupled-cluster summation of the particle-particle ladder diagrams for the two-dimensional electron gas},
  journal = {J. Phys. C: Solid State Phys.},
  year = {1983},
  volume = {16},
  pages = {711}
}


@BOOK{fetter,
  title = {Quantum Theory of Many-Particle Systems},
  publisher = {McGraw-Hill},
  year = {1971},
  author = {Fetter, A. L. and J. D. Walecka}
}


@article{gruneis2011,
author = {Gr{\"u}neis, A. and Booth, G. H. and Marsman, M. and Spencer, J. and Alavi, A. and Kresse, G.},
title = {Natural Orbitals for Wave Function Based Correlated Calculations Using a Plane Wave Basis Set},
journal = {J. Chem. Theory and Computation},
volume = {7},
pages = {2780},
year = {2011}
}
@ARTICLE{lightdvr,
  author = {J. C. Light and I. P. Hamilton and J. V. Lill},
  journal = {J. Chem. Phys.},
  year = {1985},
  volume = {82},
  pages = {1400}
}

@ARTICLE{light2000,
  author = {Light, J. and Carrington, T.},
  title = {Discrete variable representations and their utilization},
  journal = {Adv. Chem. Phys.},
  year = {2000},
  volume = {114},
  pages = {263}
}
@article{littlejohn2002,
author = {Littlejohn, R. G. and Cargo, M. and Carrington Jr., T. and Mitchell, K. A. and Poirier, B.},
title = {A general framework for discrete variable representation basis sets},
year = {2002},
journal = {J. Chem. Phys.},
volume = {116},
pages = {8691}
}


@article{Roggero2013,
      author         = "Roggero, A. and Mukherjee, A. and Pederiva, F.",
      title          = "{Quantum Monte Carlo with Coupled-Cluster wave
                        functions}",
      year           = "2013",
      eprint         = "1304.1549",
      archivePrefix  = "arXiv",
      primaryClass   = "nucl-th"
}

@article{rajagopal1977,
  title = {Correlations in a two-dimensional electron system},
  author = {Rajagopal, A. K. and Kimball, John C.},
  journal = {Phys. Rev. B},
  volume = {15},
   pages = {2819},
  year = {1977}
}


@ARTICLE{shepherd2012a,
  author = {Shepherd, J. J. and Booth, G. H. and Gr\"uneis, A. and Alavi, A.},
  title = {Full configuration interaction perspective on the homogeneous electron
	gas},
  journal = {Phys. Rev. B},
  year = {2012},
  volume = {85},
  pages = {081103}
}



@ARTICLE{shepherd2012b,
  author = {Shepherd, J. J. and Gr\"uneis, A. and Booth, G. H. and Kresse, G. and Alavi, A.},
  title = {Convergence of many-body wave-function expansions using a plane-wave
	basis: From homogeneous electron gas to solid state systems},
  journal = {Phys. Rev. B},
  year = {2012},
  volume = {86},
  pages = {035111}
}

@article{shepherd2012c,
author = {Shepherd, J. J.  and Booth, G. H.  and Alavi, A.},
title = {Investigation of the full configuration interaction quantum Monte Carlo method using homogeneous electron gas models},
year = {2012},
journal = {J. Chem. Phys.},
volume = {136},
pages = {244101}
}


@ARTICLE{tanatar1989,
  author = {Tanatar, B. and Ceperley, D. M.},
  title = {Ground state of the two-dimensional electron gas},
  journal = {Phys. Rev. B},
  year = {1989},
  volume = {39},
  pages = {5005}
}


