% A

@ARTICLE{ando1981,
  author = {K.~Ando and H.~Bando},
  title = {Single-Particle Spin-Orbit Splittings in Nuclei},
  journal = {Prog.~Theor.~Phys.},
  year = {1981},
  volume = {66},
  pages = {227}
}


% B

@article{brown1988,
  author = {Brown, B. A. and Richter, W. A. and Julies, R. E. and Wildenthal, B. H.},
  journal = {Ann. Phys.},
  volume = {182},
  pages = {191},
  year = {1988}
}


@article{burgunder2014,
  title = {Experimental Study of the Two-Body Spin-Orbit Force in Nuclei},
  author = {Burgunder, G. and Sorlin, O. and Nowacki, F. and Giron, S. and Hammache, F. and Moukaddam, M. and de S\'er\'eville, N. and Beaumel, D. and C\`aceres, L. and Cl\'ement, E. and Duch\^ene, G. and Ebran, J.\,P. and Fernandez-Dominguez, B. and Flavigny, F. and Franchoo, S. and Gibelin, J. and Gillibert, A. and Gr\'evy, S. and Guillot, J. and Lepailleur, A. and Matea, I. and Matta, A. and Nalpas, L. and Obertelli, A. and Otsuka, T. and Pancin, J. and Poves, A. and Raabe, R. and Scarpaci, J.\,A. and Stefan, I. and Stodel, C. and Suzuki, T. and Thomas, J.\,C.},
  journal = {Phys. Rev. Lett.},
  volume = {112},
  pages = {042502},
  year = {2014},
  doi = {10.1103/PhysRevLett.112.042502}
}


% C

@UNPUBLISHED{carlsson2014,
  author = {Carlsson, B. and Ekstr\"om, A. and ore Authors, M.},
  title = {Optimized nuclear forces},
  note = "in preparation",
  year = {2014}
}


@ARTICLE{caurier2005,
  author = {E. Caurier and G. Martinez-Pinedo and F. Nowacki and A. Poves and
	A. P. Zuker},
  title = {The shell model as a unified view of nuclear structure},
  journal = {Rev.~Mod.~Phys.},
  year = {2005},
  volume = {77},
  pages = {427}
}


@article{conze1973,
  author = {Conze, M. and Feldmeier, H. and Manakos, P.},
  journal = {Phys. Lett. B},
  volume = {43},
  pages = {101},
  year = {1973}
}



% D 

@article{darocha1994,
  title = {Two pion exchange nucleon-nucleon potential: The minimal chiral model},
  author = {da Rocha, C. A. and Robilotta, M. R.},
  journal = {Phys. Rev. C},
  volume = {49},
  pages = {1818},
  year = {1994},
  doi = {10.1103/PhysRevC.49.1818}
}

@article{darocha1995,
  title = {Chiral background for the two-pion exchange nuclear potential: A parametrized version},
  author = {da Rocha, C. A. and Robilotta, M. R.},
  journal = {Phys. Rev. C},
  volume = {52},
  pages = {531},
  year = {1995},
  doi = {10.1103/PhysRevC.52.531}
}


@article{duguet2012,
  author = {Duguet, T. and Hagen, G.},
  journal = {Phys. Rev. C},
  volume = {85},
  pages = {034330},
  year = {2012},
  doi = {10.1103/PhysRevC.85.034330}
}


% E
@ARTICLE{ekstrom2013,
  author = {Ekstr\"om, A. and Baardsen, G. and Forss\'en, C. and Hagen, G. and
	Hjorth-Jensen, M. and Jansen, G. R. and Machleidt, R. and Nazarewicz,
	W. and Papenbrock, T. and Sarich, J. and Wild, S. M.},
  title = {Optimized Chiral Nucleon-Nucleon Interaction at Next-to-Next-to-Leading
	Order},
  journal = {Phys. Rev. Lett.},
  year = {2013},
  volume = {110},
  pages = {192502},
  doi = {10.1103/PhysRevLett.110.192502}
}

@article{elliott1968,
  author = {Elliott, J. P. and Jackson, A. D. and Mavromatis, H. A. and Sanderson, E. A. and Singh, B.},
  journal = {Nucl. Phys. A},
  volume = {121},
  pages = {241},
  year = {1968}
}

@article{entem2003,
  title = {Accurate charge-dependent nucleon-nucleon potential at fourth order of chiral perturbation theory},
  author = {Entem, D. R. and Machleidt, R.},
  journal = {Phys. Rev. C},
  volume = {68},
  pages = {041001},
  year = {2003},
  doi = {10.1103/PhysRevC.68.041001}
}



@article{epelbaum1998,
title = "Nuclear forces from chiral Lagrangians using the method of unitary transformation (I): Formalism ",
journal = "Nucl. Phys. A ",
volume = "637",
pages = "107",
year = "1998",
doi = "10.1016/S0375-9474(98)00220-6",
author = "E. Epelbaum and W. Gl{\"o}ckle and Ulf-G. Mei{\ss}ner"
}

@article{epelbaum2009,
  title = {Modern theory of nuclear forces},
  author = {Epelbaum, E. and Hammer, H.-W. and Mei\ss{}ner, Ulf-G.},
  journal = {Rev. Mod. Phys.},
  volume = {81},
  pages = {1773},
  year = {2009},
  doi = {10.1103/RevModPhys.81.1773}
}


@article{epelbaum2002,
  title = {Three-nucleon forces from chiral effective field theory},
  author = {Epelbaum, E. and Nogga, A. and Gl\"ockle, W. and Kamada, H. and Mei\ss{}ner, Ulf-G. and Wita\l{}a, H.},
  journal = {Phys. Rev. C},
  volume = {66},
  pages = {064001},
  numpages = {17},
  year = {2002},
  doi = {10.1103/PhysRevC.66.064001}
}

% H
@ARTICLE{hagen2012a,
  author = {Hagen, G. and Hjorth-Jensen, M. and Jansen, G. R. and Machleidt,
	R. and Papenbrock, T.},
  title = {Continuum Effects and Three-Nucleon Forces in Neutron-Rich Oxygen
	Isotopes},
  journal = {Phys. Rev. Lett.},
  year = {2012},
  volume = {108},
  pages = {242501},
  doi = {10.1103/PhysRevLett.108.242501}
}

@ARTICLE{hagen2012b,
  author = {Hagen, G. and Hjorth-Jensen, M. and Jansen, G. R. and Machleidt,
	R. and Papenbrock, T.},
  title = {Evolution of Shell Structure in Neutron-Rich Calcium Isotopes},
  journal = {Phys. Rev. Lett.},
  year = {2012},
  volume = {109},
  pages = {032502},
  doi = {10.1103/PhysRevLett.109.032502}
}
@article{haxel1949,
  title = {On the "Magic Numbers" in Nuclear Structure},
  author = {Haxel, Otto and Jensen, J. Hans D. and Suess, Hans E.},
  journal = {Phys. Rev.},
  volume = {75},
  pages = {1766},
  year = {1949},
  doi = {10.1103/PhysRev.75.1766.2}
}






@ARTICLE{holt2012,
  author = {Holt, J. D. and Otsuka, T. and Schwenk, A. and Suzuki T.},
  title = {Three-body forces and shell structure in calcium isotopes},
  journal = {J. Phys. G},
  year = {2012},
  volume = {39},
  pages = {085111},
  url = {http://stacks.iop.org/0954-3899/39/i=8/a=085111}
}


% J
@article{jansen2013,
  title = {Spherical coupled-cluster theory for open-shell nuclei},
  author = {Jansen, G. R.},
  journal = {Phys. Rev. C},
  volume = {88},
  pages = {024305},
  year = {2013},
  doi = {10.1103/PhysRevC.88.024305}
}


% K

@article{kaiser1997,
title = "Peripheral nucleon-nucleon phase shifts and chiral symmetry ",
journal = "Nucl. Phys. A ",
volume = "625",
pages = "758",
year = "1997",
doi = "10.1016/S0375-9474(97)00586-1",
author = "N. Kaiser and R. Brockmann and W. Weise"
}


@article{kirson1973,
  author = {Kirson, M. W.},
  journal = {Phys. Lett. B},
  volume = {47},
  pages = {110},
  year = {1973}
}

% L

@BOOK{lawson1980,
  title = {Theory of the Nuclear Shell Model},
  publisher = {Clarendon Press},
  year = {1980},
  author = {R.~D.~Lawson},
  place = {Oxford}
}


% M

@ARTICLE{machleidt1989,
  author = {Machleidt, R.},
  journal = {Adv. Nucl. Phys.},
  year = {1989},
  volume = {19},
  pages = {189}
}

@article{machleidt2001,
  title = "{High-precision, charge-dependent Bonn nucleon-nucleon potential}",
  author = {Machleidt, R.},
  journal = {Phys. Rev. C},
  volume = {63},
  pages = {024001},
  year = {2001},
  doi = {10.1103/PhysRevC.63.024001}
}


@ARTICLE{machleidt2011,
  author = {R. Machleidt and D.R. Entem},
  title = {Chiral effective field theory and nuclear forces},
  journal = {Phys. Rep.},
  year = {2011},
  volume = {503},
  pages = {1},
  doi = {10.1016/j.physrep.2011.02.001}
}

@ARTICLE{mayer1949,
  author = {Mayer, M.G.},
  journal = {Phys. Rev.},
  year = {1949},
  volume = {75},
  pages = {1969}
}
% N

@article{navratil2007,
year={2007},
journal={Few-Body Systems},
volume={41},
doi={10.1007/s00601-007-0193-3},
title={Local three-nucleon interaction from chiral effective field theory},
publisher={Springer-Verlag},
author={Navr\'atil, P.},
pages={117}
}

@article{nowacki2012,
  title = {Three-body forces and persistence of spin-orbit shell gaps in medium-mass nuclei: Toward the doubly magic 78Ni},
  author = {Sieja, K. and Nowacki, F.},
  journal = {Phys. Rev. C},
  volume = {85},
  pages = {051301},
  year = {2012},
  doi = {10.1103/PhysRevC.85.051301}
}


% O

@article{ordonez1992,
title = "Chiral lagrangians and nuclear forces ",
journal = "Phys. Lett. B ",
volume = "291",
pages = "459",
year = "1992",
doi = "10.1016/0370-2693(92)91404-W",
author = "C. Ord{\'o}{\~n}ez and U. van Kolck"
}

@article{ordonez1994,
  title = {Nucleon-nucleon potential from an effective chiral Lagrangian},
  author = {Ord\'o\~nez, C. and Ray, L. and van Kolck, U.},
  journal = {Phys. Rev. Lett.},
  volume = {72},
  pages = {1982},
  year = {1994},
  doi = {10.1103/PhysRevLett.72.1982}
}

@article{ordonez1996,
  title = {Two-nucleon potential from chiral Lagrangians},
  author = {Ord\'o\~nez, C. and Ray, L. and van Kolck, U.},
  journal = {Phys. Rev. C},
  volume = {53},
  issue = {5},
  pages = {2086--2105},
  year = {1996},
  month = {May},
  doi = {10.1103/PhysRevC.53.2086}
}


@article{osnes1992,
  title = {Spin-tensor analysis of realistic shell model interactions},
  author = {Osnes, E. and Strottman, D.},
  journal = {Phys. Rev. C},
  volume = {45},
  pages = {662},
  year = {1992},
  doi = {10.1103/PhysRevC.45.662}
}

@ARTICLE{otsuka2005,
  author = {T. Otsuka and T. Suzuki and R. Fujimoto and H. Grawe and Y. Akaishi},
  title = {Evolution of Nuclear Shells due to the Tensor Force},
  journal = {Phys. Rev. Lett.},
  year = {2005},
  volume = {95},
  pages = {232502},
  doi = {10.1103/PhysRevLett.95.232502}
}

@ARTICLE{otsuka2001,
  author = {Otsuka, T. and Fujimoto, R. and Utsuno, Y. and Brown, B. A. and Honma,
	M. and Mizusaki, T. },
  title = {Magic Numbers in Exotic Nuclei and Spin-Isospin Properties of the
	$NN$ Interaction},
  journal = {Phys. Rev. Lett.},
  year = {2001},
  volume = {87},
  pages = {082502},
  doi = {10.1103/PhysRevLett.87.082502}
}


@ARTICLE{otsuka2010a,
  author = {Otsuka, T. and Suzuki, T. and Holt, J. D. and Schwenk, A. and Akaishi, Y.},
  title = {Three-Body Forces and the Limit of Oxygen Isotopes},
  journal = {Phys. Rev. Lett.},
  year = {2010},
  volume = {105},
  pages = {032501},
  doi = {10.1103/PhysRevLett.105.032501}
}

@ARTICLE{otsuka2010b,
  author = {Otsuka, T. and Suzuki, T. and Honma, M. and Utsuno,
	Y. and Tsunoda, N. and Tsukiyama, K. and Hjorth-Jensen,
	M.},
  title = {Novel Features of Nuclear Forces and Shell Evolution in Exotic Nuclei},
  journal = {Phys. Rev. Lett.},
  year = {2010},
  volume = {104},
  pages = {012501},
  doi = {10.1103/PhysRevLett.104.012501}
}


% P

@ARTICLE{pieper1993,
  author = {Pieper, Steven C. and Pandharipande, V. R.},
  title = {Origins of spin-orbit splitting in $^{15}N$},
  journal = {Phys. Rev. Lett.},
  year = {1993},
  volume = {70},
  pages = {2541},
  doi = {10.1103/PhysRevLett.70.2541}
}



@ARTICLE{poves1981a,
  author = {Poves, A. and Zuker, A.},
  title = {Theoretical spectroscopy and the fp shell},
  journal = {Phys. Rep.},
  year = {1981},
  volume = {70},
  pages = {235}
}

@ARTICLE{poves1981b,
  author = {Poves, A. and Zuker, A.},
  journal = {Phys. Rep.},
  year = {1981},
  volume = {71},
  pages = {141}
}




% R

@ARTICLE{richter1991,
  author = {Richter, W. A. and Vandermerwe, M. G. and Julies, R. E. and Brown, B. A.},
  journal = {Nucl. Phys. A},
  year = {1991},
  volume = {523},
  pages = {325}
}


% S

@article{schiffer2012,
  title = {Test of Sum Rules in Nucleon Transfer Reactions},
  author = {Schiffer, J. P. and Hoffman, C. R. and Kay, B. P. and Clark, J. A. and Deibel, C. M. and Freeman, S. J. and Howard, A. M. and Mitchell, A. J. and Parker, P. D. and Sharp, D. K. and Thomas, J. S.},
  journal = {Phys. Rev. Lett.},
  volume = {108},
  pages = {022501},
  year = {2012},
  doi = {10.1103/PhysRevLett.108.022501}
}

@article{schiffer2013,
  title = {Valence nucleon populations in the Ni isotopes},
  author = {Schiffer, J. P. and Hoffman, C. R. and Kay, B. P. and Clark, J. A. and Deibel, C. M. and Freeman, S. J. and Honma, M. and Howard, A. M. and Mitchell, A. J. and Otsuka, T. and Parker, P. D. and Sharp, D. K. and Thomas, J. S.},
  journal = {Phys. Rev. C},
  volume = {87},
  pages = {034306},
  year = {2013},
  doi = {10.1103/PhysRevC.87.034306}
}

@book{shavittbartlett2009,
author = {I. Shavitt and R. J. Bartlett},
title = "Many-Body Methods in Chemistry and Physics",
publisher = "Cambridge University Press",
edition = "",
city = "Cambridge",
year = "2009"
}

@ARTICLE{smirnova2010,
  author = {N.A. Smirnova and B. Bally and K. Heyde and F. Nowacki and K. Sieja},
  title = {Shell evolution and nuclear forces },
  journal = {Phys. Lett. B },
  year = {2010},
  volume = {686},
  pages = {109},
  doi = {http://dx.doi.org/10.1016/j.physletb.2010.02.051}
}

@article{smirnova2012,
  title = {Nuclear shell evolution and in-medium NN interaction},
  author = {Smirnova, N. A. and Heyde, K. and Bally, B. and Nowacki, F. and Sieja, K.},
  journal = {Phys. Rev. C},
  volume = {86},
  pages = {034314},
  year = {2012},
  doi = {10.1103/PhysRevC.86.034314}
}

@ARTICLE{sorlin2008,
  author = {Sorlin, O. and Porquet, M. G.},
  journal={Prog.~Part.~Nucl.~Phys.},
  pages={602},
  volume={61},
  year = {2008}
}
% T

@BOOK{talmi1993,
  title = {Simple Models of Complex Nuclei},
  publisher = {Harwood Academic Publishers},
  year = {1993},
  author = {Talmi, I.},
  place = {Chur, Switzerland}
}

@TechReport{taoman,
  address	= "Argonne, Illinois",
  author	= "T. Munson and J. Sarich and Stefan M. Wild and S. Benson
and L. {Curfman McInnes}",
  institution	= "Argonne National Laboratory",
  number	= "ANL/MCS-TM-322",
  title		= "{TAO} 2.0 Users Manual",
  type		= "Technical Memorandum",
  year		= "2012",
  url = "http://www.mcs.anl.gov/uploads/cels/papers/TM-322.pdf"
}


@ARTICLE{tsunoda2011,
  author = {Tsunoda, N. and Otsuka, T. and Tsukiyama, K. and
	Hjorth-Jensen, M.},
  title = {Renormalization persistency of the tensor force in nuclei},
  journal = {Phys. Rev. C},
  year = {2011},
  volume = {84},
  pages = {044322},
  doi = {10.1103/PhysRevC.84.044322}
}

% V
@article{vankolck1999,
  author = {van Kolck, U.},
title = "Effective field theory of nuclear forces ",
journal = "Progress in Particle and Nuclear Physics ",
volume = "43",
pages = "337",
year = "1999",
doi = "10.1016/S0146-6410(99)00097-6"
}


% W
@article{weinberg1990,
title = "Nuclear forces from chiral lagrangians ",
journal = "Phys. Lett. B ",
volume = "251",
pages = "288",
year = "1990",
doi = "10.1016/0370-2693(90)90938-3",
author = "Steven Weinberg"
}

@article{weinberg1991,
title = "Effective chiral lagrangians for nucleon-pion interactions and nuclear forces ",
journal = "Nucl. Phys. B ",
volume = "363",
pages = "3",
year = "1991",
doi = "10.1016/0550-3213(91)90231-L",
author = "Steven Weinberg"
}

% Z
@ARTICLE{zuker2003,
  author = {Zuker, A. P.},
  title = {Three-Body Monopole Corrections to Realistic Interactions},
  journal = {Phys.~Rev.~Lett.},
  year = {2003},
  volume = {90},
  pages = {042502}
}


